<record><leader>00000cas a22000007a 4500</leader><controlfield tag="001">17943689</controlfield><controlfield tag="008">880512d1979198utxucr ne      0    0eng d</controlfield><datafield ind1=" " ind2=" " tag="010"><subfield code="a">sn 88083475 </subfield></datafield><datafield ind1=" " ind2=" " tag="040"><subfield code="a">PPM</subfield><subfield code="b">eng</subfield><subfield code="c">PPM</subfield><subfield code="d">NSD</subfield><subfield code="d">OCLCQ</subfield></datafield><datafield ind1=" " ind2=" " tag="042"><subfield code="a">msc</subfield></datafield><datafield ind1="0" ind2="4" tag="245"><subfield code="a">The Steel country bee.</subfield></datafield><datafield ind1=" " ind2=" " tag="260"><subfield code="a">Daingerfield, Tex. :</subfield><subfield code="b">Richard G. Sloan</subfield></datafield><datafield ind1=" " ind2=" " tag="300"><subfield code="a">v.</subfield></datafield><datafield ind1=" " ind2=" " tag="310"><subfield code="a">Semiweekly</subfield></datafield><datafield ind1="0" ind2=" " tag="362"><subfield code="a">Vol. 1, no. 1 (Nov. 8, 1979)-</subfield></datafield><datafield ind1=" " ind2=" " tag="580"><subfield code="a">Formed by the union of: Steel country news-ledger, and: Tri-city bee.</subfield></datafield><datafield ind1=" " ind2=" " tag="752"><subfield code="a">United States</subfield><subfield code="b">Texas</subfield><subfield code="c">Morris</subfield><subfield code="d">Dangerfield.</subfield></datafield><datafield ind1="1" ind2="4" tag="780"><subfield code="t">Steel country news-ledger</subfield></datafield><datafield ind1="1" ind2="4" tag="780"><subfield code="t">Tri-city bee</subfield></datafield><datafield ind1="0" ind2="0" tag="785"><subfield code="t">Bee (Daingerfield, Tex. : 1984)</subfield><subfield code="x">1052-2441</subfield><subfield code="w">(DLC)sn 90004896</subfield></datafield></record>